date,description,amount,balance
2025-08-01,Salary Credit,5000.00,15000.00
2025-08-02,Grocery Store,-125.50,14874.50
2025-08-03,Gas Station,-45.75,14828.75
2025-08-04,Coffee Shop,-8.25,14820.50
2025-08-05,Online Purchase,-89.99,14730.51
2025-08-06,ATM Withdrawal,-100.00,14630.51
2025-08-07,Rent Payment,-1200.00,13430.51
2025-08-08,Freelance Income,750.00,14180.51
2025-08-09,Electricity Bill,-85.30,14095.21
2025-08-10,Restaurant Dinner,-45.67,14049.54
